[gd_scene load_steps=22 format=3 uid="uid://ddvk0f7g7r8mx"]

[ext_resource type="Shader" path="res://content/base/shader/thruster.gdshader" id="1_0urq5"]
[ext_resource type="Texture2D" uid="uid://c0qep5q7vr6r6" path="res://content/base/common/spark_sprite.png" id="2_15tc1"]
[ext_resource type="Texture2D" uid="uid://bxpt4a4cv2s74" path="res://content/base/common/smoke.png" id="3_nxhuu"]
[ext_resource type="Texture2D" uid="uid://bpowg0djknbpg" path="res://content/base/texture/particle/star_05.png" id="4_oxk2e"]

[sub_resource type="ShaderMaterial" id="ShaderMaterial_3pnbk"]
render_priority = 0
shader = ExtResource("1_0urq5")

[sub_resource type="Curve" id="Curve_mkeug"]
_data = [Vector2(0, 1), 0.0, 0.0, 0, 0, Vector2(1, 0), 0.0, 0.0, 0, 0]
point_count = 2

[sub_resource type="CurveTexture" id="CurveTexture_jeekr"]
curve = SubResource("Curve_mkeug")

[sub_resource type="Gradient" id="Gradient_5elsc"]
colors = PackedColorArray(0, 0.888104, 0.562129, 1, 0.449294, 0.739003, 1, 1)

[sub_resource type="GradientTexture1D" id="GradientTexture1D_h47rn"]
gradient = SubResource("Gradient_5elsc")

[sub_resource type="Curve" id="Curve_v2que"]
_data = [Vector2(0, 0.13875), 0.0, 5.02396, 0, 0, Vector2(0.091195, 1), 0.0, 0.0, 0, 0, Vector2(0.220126, 0.504375), 0.0, 0.0, 0, 0, Vector2(1, 0.49625), 0.0, 0.0, 0, 0]
point_count = 4

[sub_resource type="CurveTexture" id="CurveTexture_mi1nw"]
curve = SubResource("Curve_v2que")

[sub_resource type="ParticleProcessMaterial" id="ParticleProcessMaterial_qqq4o"]
lifetime_randomness = 0.25
emission_shape = 1
emission_sphere_radius = 0.05
angle_min = -720.0
angle_max = 720.0
direction = Vector3(0, 0, 1)
spread = 1.0
initial_velocity_min = 14.0
initial_velocity_max = 16.0
gravity = Vector3(0, 0, 0)
scale_min = 1.5
scale_max = 2.5
scale_curve = SubResource("CurveTexture_mi1nw")
color = Color(0.458824, 0.458824, 0.458824, 1)
color_initial_ramp = SubResource("GradientTexture1D_h47rn")
alpha_curve = SubResource("CurveTexture_jeekr")

[sub_resource type="StandardMaterial3D" id="StandardMaterial3D_ay2yt"]
transparency = 1
blend_mode = 1
depth_draw_mode = 2
shading_mode = 0
vertex_color_use_as_albedo = true
albedo_color = Color(3, 3, 3, 1)
albedo_texture = ExtResource("3_nxhuu")
billboard_mode = 3
billboard_keep_scale = true
particles_anim_h_frames = 1
particles_anim_v_frames = 1
particles_anim_loop = false

[sub_resource type="PlaneMesh" id="PlaneMesh_pkg5c"]
material = SubResource("StandardMaterial3D_ay2yt")
size = Vector2(0.2, 0.2)
orientation = 2

[sub_resource type="Curve" id="Curve_a8ns6"]
_data = [Vector2(0, 0), 0.0, 0.0, 0, 0, Vector2(0.0471698, 1), 0.0, 0.0, 0, 0, Vector2(0.474843, 1), 0.0, 0.0, 0, 0, Vector2(1, 0), 0.0, 0.0, 0, 0]
point_count = 4

[sub_resource type="CurveTexture" id="CurveTexture_qvqy4"]
curve = SubResource("Curve_a8ns6")

[sub_resource type="Curve" id="Curve_t7qqq"]
_data = [Vector2(0, 0), 0.0, 1.5951, 0, 0, Vector2(0.0408805, 1), 0.0, 0.0, 0, 0, Vector2(0.125786, 0.33375), 0.0, 0.0, 0, 0, Vector2(0.216981, 0.6425), 0.0, 0.0, 0, 0, Vector2(0.336478, 0.163125), 0.0, 0.0, 0, 0, Vector2(0.462264, 0.358125), 0.0, 0.0, 0, 0, Vector2(0.613208, 0.081875), 0.0, 0.0, 0, 0, Vector2(0.751572, 0.130625), -0.219894, -0.219894, 0, 0, Vector2(1, 0), 0.0, 0.0, 0, 0]
point_count = 9

[sub_resource type="CurveTexture" id="CurveTexture_nvwpv"]
curve = SubResource("Curve_t7qqq")

[sub_resource type="ParticleProcessMaterial" id="ParticleProcessMaterial_sy2t0"]
lifetime_randomness = 0.6
angle_min = -360.0
angle_max = 360.0
direction = Vector3(0, 0, 1)
spread = 2.0
initial_velocity_min = 16.0
initial_velocity_max = 24.0
angular_velocity_min = -90.0
angular_velocity_max = 90.0
gravity = Vector3(0, 0, 0)
scale_min = 1.5
scale_max = 3.0
scale_curve = SubResource("CurveTexture_nvwpv")
color = Color(0.4, 0.682353, 1, 1)
alpha_curve = SubResource("CurveTexture_qvqy4")

[sub_resource type="StandardMaterial3D" id="StandardMaterial3D_m7m38"]
transparency = 1
blend_mode = 1
depth_draw_mode = 2
shading_mode = 0
vertex_color_use_as_albedo = true
albedo_texture = ExtResource("4_oxk2e")
billboard_mode = 3
billboard_keep_scale = true
particles_anim_h_frames = 1
particles_anim_v_frames = 1
particles_anim_loop = false
proximity_fade_enabled = true
proximity_fade_distance = 0.5
distance_fade_mode = 1
distance_fade_min_distance = 1.0

[sub_resource type="PlaneMesh" id="PlaneMesh_3nnsh"]
material = SubResource("StandardMaterial3D_m7m38")
size = Vector2(3, 3)
orientation = 2

[node name="ThrustSprite" type="Sprite3D"]
material_override = SubResource("ShaderMaterial_3pnbk")
pixel_size = 0.005
billboard = 2
no_depth_test = true
texture = ExtResource("2_15tc1")

[node name="ThrustParticles" type="GPUParticles3D" parent="."]
amount = 20
lifetime = 0.05
fixed_fps = 120
local_coords = true
process_material = SubResource("ParticleProcessMaterial_qqq4o")
draw_pass_1 = SubResource("PlaneMesh_pkg5c")

[node name="ThrustParticles2" type="GPUParticles3D" parent="."]
transform = Transform3D(1, 0, 0, 0, 1, 0, 0, 0, 1, 0, 0, 0.8)
amount = 16
lifetime = 0.5
fixed_fps = 60
local_coords = true
process_material = SubResource("ParticleProcessMaterial_sy2t0")
draw_pass_1 = SubResource("PlaneMesh_3nnsh")
